@article{Aitkin1991Posterior,
  title={Posterior Bayes Factors},
  author={Aitkin, Murray},
  journal={journal of the royal statistical society series b-methodological},
  volume={53},
  number={1},
  pages={111-142},
  year={1991}
}

@Article{gelfand1993bayesian,
  Title                    = {Bayesian Model Choice: Asymptotics and Exact Calculations},
  Author                   = {Alan E Gelfand,Dipak K Dey},
  Year                     = {1993},

  File                     = {gelfand1993bayesian.pdf:gelfand1993bayesian.pdf:PDF}
}

@Article{Cam1990Maximum,
  Title                    = {Maximum likelihood: An introduction},
  Author                   = {Cam, L. Le},
  Journal                  = {International Statistical Review},
  Year                     = {1990},
  Number                   = {2},
  Pages                    = {153--171},
  Volume                   = {58},

  File                     = {Cam1990Maximum.pdf:Cam1990Maximum.pdf:PDF}
}

@Book{Lehmann,
  Title                    = {Testing Statistical Hypotheses},
  Author                   = {E. L. Lehmann, Joseph P. Romano},
  Publisher                = {Springer New York},
  Year                     = {2005},

  Doi                      = {10.1007/0-387-27605-X},
  File                     = {Lehmann.pdf:Lehmann.pdf:PDF}
}

@Book{van2000asymptotic,
  Title                    = {Asymptotic statistics},
  Author                   = {A.W. Van der Vaart},
  Publisher                = {Cambridge university press},
  Year                     = {2000},
  ISNB                     = {9780521784504}
}

@Article{Bai1996Effect,
  Title                    = {Effect of high dimension: by an example of a two sample problem},
  Author                   = {Bai, Z. and Saranadasa, H.},
  Journal                  = {Statistica Sinica},
  Year                     = {1996},
  Number                   = {2},
  Pages                    = {311-329},
  Volume                   = {6}

}

@Book{MR0315820,
  Title                    = {Some limit theorems in statistics},
  Author                   = {Bahadur, R. R.},
  Publisher                = {Society for Industrial and Applied Mathematics, Philadelphia, Pa.},
  Year                     = {1971},
  Note                     = {Conference Board of the Mathematical Sciences Regional Conference Series in Applied Mathematics, No. 4},

  File                     = {MR0315820.pdf:MR0315820.pdf:PDF},
  Mrclass                  = {62E20},
  Mrnumber                 = {0315820},
  Mrreviewer               = {M. D. Perlman},
  Pages                    = {v+42}
}

@Article{Zhao2016A,
  Title                    = {A generalized likelihood ratio test for normal mean when p is greater than n},
  Author                   = {Zhao, Junguang and Xu, Xingzhong},
  Journal                  = {Computational Statistics \& Data Analysis},
  Year                     = {2016}
}


@Article{Kleijn2012The,
  Title                    = {The Bernstein-Von-Mises theorem under misspecification},
  Author                   = {Kleijn, B. J. K. and Vaart, A. W. Van Der},
  Journal                  = {Electronic Journal of Statistics},
  Year                     = {2012},
  Number                   = {1},
  Pages                    = {354-381},
  Volume                   = {6},

  File                     = {Kleijn2012The.pdf:Kleijn2012The.pdf:PDF}
}

