@unknown{Aitkin1991Posterior,
  AUTHOR = {Aitkin, M.},
  TITLE = {Posterior bayes factors. journal of the royal statistical society series b-methodological},
  YEAR = {1991},
  VOLUME = {53},
  NUMBER = {1},
  PAGES = {111--142},
  BPT_OK = {imsref},
  SRC = {auto:parserefs-M02}
}

@unknown{gelfand1993bayesian,
  AUTHOR = {Gelfand D. K. D, Alan E},
  TITLE = {Bayesian model choice: Asymptotics and exact calculations},
  YEAR = {1993},
  BPT_OK = {imsref},
  SRC = {auto:parserefs-M02}
}

@book{MR0315820,
  AUTHOR = {Bahadur, R.R.},
  TITLE = {Some Limit Theorems in Statistics},
  PUBLISHER = {Society for Industrial and Applied Mathematics},
  ADDRESS = {Philadelphia, Pa},
  YEAR = {1971},
  SERIES = {Conference Board of the Mathematical Sciences Regional Conference Series in Applied Mathematics},
  VOLUME = {4},
  BPT_OK = {imsref},
  SRC = {auto:parserefs-M02}
}

@article{Cam1990Maximum,
  AUTHOR = {Cam, L.L.},
  TITLE = {Maximum likelihood: An introduction},
  JOURNAL = {International Statistical Review},
  YEAR = {1990},
  VOLUME = {58},
  NUMBER = {2},
  PAGES = {153--171},
  BPT_OK = {imsref},
  SRC = {auto:parserefs-M02}
}

@book{Lehmann,
  AUTHOR = {Lehmann J. P. R, E.L.},
  TITLE = {Testing Statistical Hypotheses},
  PUBLISHER = {Springer},
  ADDRESS = {New York},
  YEAR = {2005},
  BPT_OK = {imsref},
  SRC = {auto:parserefs-M02}
}

@article{Kleijn2012The,
  AUTHOR = {Kleijn, B.J.K. and Vaart, A.W.V.D.},
  TITLE = {The bernstein-von-mises theorem under misspecification},
  JOURNAL = {Electron. J. Stat.},
  YEAR = {2012},
  VOLUME = {6},
  NUMBER = {1},
  PAGES = {354--381},
  BPT_OK = {imsref},
  SRC = {auto:parserefs-M02}
}

@book{van2000asymptotic,
  AUTHOR = {der Vaart, A.V.},
  TITLE = {Asymptotic Statistics},
  PUBLISHER = {Cambridge university press},
  YEAR = {2000},
  ADDRESS = {???},
  BPT_OK = {imsref},
  SRC = {auto:parserefs-M02}
}

@Book{bayesianDataAnalysis,
  Title                    = {Bayesian Data Analysis},
  Author                   = {Andrew Gelman and John B. Carlin and Hal S. Stern and David B. Dunson and Aki Vehtari and Donald B. Rubin},
  Publisher                = {Chapman and Hall/CRC},
  Year                     = {2013},

  Owner                    = {kfeng123},
  Timestamp                = {2016.10.27}
}
@Article{Kleijn2012The,
  author  = {Kleijn, B. J. K. and Vaart, A. W. Van Der},
  title   = {The Bernstein-Von-Mises theorem under misspecification},
  journal = {Electronic Journal of Statistics},
  year    = {2012},
  volume  = {6},
  number  = {1},
  pages   = {354-381},
  file    = {Kleijn2012The.pdf:Kleijn2012The.pdf:PDF},
  groups  = {bayes},
}

@Article{Aitkin1996,
  author   = {Aitkin, Murray and Finch, Steve and Mendell, Nancy and Thode, Henry},
  title    = {A new test for the presence of a normal mixture distribution based on the posterior Bayes factor},
  journal  = {Statistics and Computing},
  year     = {1996},
  volume   = {6},
  number   = {2},
  pages    = {121--125},
  month    = {Jun},
  issn     = {1573-1375},
  abstract = {We present a new test for the presence of a normal mixture distribution, based on the posterior Bayes factor of Aitkin (1991). The new test has slightly lower power than the likelihood ratio test. It does not require the computation of the MLEs of the parameters or a search for multiple maxima, but requires computations based on `classification likelihood' assignments of observations to mixture components.},
  day      = {01},
  doi      = {10.1007/BF00162522},
  file     = {:Aitkin1996.pdf:PDF},
  groups   = {bayes},
  url      = {https://doi.org/10.1007/BF00162522},
}

@Article{Fractional1995,
  author    = {O'Hagan, Anthony},
  title     = {Fractional Bayes Factors for Model Comparison},
  year      = {1995},
  volume    = {57},
  pages     = {99-138},
  month     = {01},
  booktitle = {Journal of the Royal Statistical Society. Series B (Methodological)},
  groups    = {empirical process},
  owner     = {kfeng123},
  timestamp = {2018.01.11},
}

@Article{Chen2009Hypothesis,
  author  = {Chen, Jiahua and Li, Pengfei},
  title   = {Hypothesis Test for Normal Mixture Models: The EM Approach},
  journal = {Annals of Statistics},
  year    = {2009},
  volume  = {37},
  number  = {5A},
  pages   = {2523-2542},
  file    = {:Chen2009Hypothesis.pdf:PDF},
  groups  = {mixture},
}

@Article{ghosal2000,
  author        = {Ghosal, Subhashis and Ghosh, Jayanta K. and van der Vaart, Aad W.},
  title         = {Convergence rates of posterior distributions},
  journal       = {Ann. Statist.},
  year          = {2000},
  volume        = {28},
  number        = {2},
  pages         = {500--531},
  month         = {04},
  __markedentry = {[kfeng123:1]},
  doi           = {10.1214/aos/1016218228},
  file          = {:ghosal2000.pdf:PDF},
  fjournal      = {The Annals of Statistics},
  groups        = {bayes},
  publisher     = {The Institute of Mathematical Statistics},
  url           = {https://doi.org/10.1214/aos/1016218228},
}

@Article{kar10563,
  author        = {Stephen G. Walker and Nils Lid Hjort},
  title         = {On Bayesian consistency},
  journal       = {Journal of the Royal Statistical Society: Series B (Statistical Methodology)},
  year          = {2001},
  volume        = {63},
  number        = {4},
  pages         = {811--821},
  month         = {April},
  __markedentry = {[kfeng123:1]},
  file          = {:kar10563.pdf:PDF},
  groups        = {bayes},
  keywords      = {Asymptotics ? Bayesian sieve ? Bayes nonparametrics ? Consistency},
  publisher     = {The Royal Statistical Society and Blackwell Publishing Ltd},
  url           = {http://kar.kent.ac.uk/10563/},
}

@Article{Laurent2000Adaptive,
  author  = {Laurent, B. and Massart, P.},
  title   = {Adaptive Estimation of a Quadratic Functional by Model Selection},
  journal = {Annals of Statistics},
  year    = {2000},
  volume  = {28},
  number  = {5},
  pages   = {1302-1338},
  file    = {Laurent2000Adaptive.pdf:Laurent2000Adaptive.pdf:PDF},
  groups  = {regularized regression},
}

@Article{Ghosal2000Asymptotic,
  author        = {Ghosal, Subhashis},
  title         = {Asymptotic Normality of Posterior Distributions for Exponential Families when the Number of Parameters Tends to Infinity},
  journal       = {Journal of Multivariate Analysis},
  year          = {2000},
  volume        = {74},
  number        = {1},
  pages         = {49-68},
  __markedentry = {[kfeng123:1]},
  file          = {Ghosal2000Asymptotic.pdf:Ghosal2000Asymptotic.pdf:PDF},
  groups        = {bayes},
}
